<record><leader>00000cas a22000007a 4500</leader><controlfield tag="001">8792517</controlfield><controlfield tag="008">820921d18451850aluwr ne      0   a0eng  </controlfield><datafield ind1=" " ind2=" " tag="010"><subfield code="a">sn 82014775 </subfield></datafield><datafield ind1=" " ind2=" " tag="040"><subfield code="a">DLC</subfield><subfield code="b">eng</subfield><subfield code="c">DLC</subfield><subfield code="d">CPN</subfield><subfield code="d">DLC</subfield><subfield code="d">FUG</subfield><subfield code="d">OCL</subfield><subfield code="d">OCLCQ</subfield><subfield code="d">OCLCF</subfield><subfield code="d">OCLCO</subfield></datafield><datafield ind1=" " ind2=" " tag="042"><subfield code="a">msc</subfield></datafield><datafield ind1=" " ind2=" " tag="043"><subfield code="a">n-us-al</subfield></datafield><datafield ind1="0" ind2="0" tag="050"><subfield code="a">Newspaper 7003-X</subfield></datafield><datafield ind1="0" ind2=" " tag="130"><subfield code="a">Eufaula Democrat (Eufaula, Ala.)</subfield></datafield><datafield ind1="1" ind2="4" tag="245"><subfield code="a">The Eufaula Democrat.</subfield></datafield><datafield ind1=" " ind2=" " tag="260"><subfield code="a">Eufaula, Ala. :</subfield><subfield code="b">John Black,</subfield><subfield code="c">-1850.</subfield></datafield><datafield ind1=" " ind2=" " tag="300"><subfield code="a">v. :</subfield><subfield code="b">ill. (chiefly advertisements) ;</subfield><subfield code="c">56-69 cm.</subfield></datafield><datafield ind1=" " ind2=" " tag="310"><subfield code="a">Weekly</subfield></datafield><datafield ind1="1" ind2=" " tag="362"><subfield code="a">Began with June 25, 1845 issue.</subfield><subfield code="z">Cf. Gregory, W. Amer. newspapers, 1937.</subfield></datafield><datafield ind1="0" ind2=" " tag="362"><subfield code="a">-v. 6, no. 14 (Oct. 8, 1850).</subfield></datafield><datafield ind1=" " ind2=" " tag="588"><subfield code="a">Description based on: Vol. 2, no. 1 (July 8, 1846).</subfield></datafield><datafield ind1=" " ind2="0" tag="651"><subfield code="a">Eufaula (Ala.)</subfield><subfield code="v">Newspapers.</subfield></datafield><datafield ind1=" " ind2="0" tag="651"><subfield code="a">Barbour County (Ala.)</subfield><subfield code="v">Newspapers.</subfield></datafield><datafield ind1=" " ind2="7" tag="655"><subfield code="a">Newspapers.</subfield><subfield code="2">fast</subfield><subfield code="0">(OCoLC)fst01423814</subfield></datafield><datafield ind1=" " ind2="7" tag="651"><subfield code="a">Alabama</subfield><subfield code="z">Barbour County.</subfield><subfield code="2">fast</subfield><subfield code="0">(OCoLC)fst01207720</subfield></datafield><datafield ind1=" " ind2="7" tag="651"><subfield code="a">Alabama</subfield><subfield code="z">Eufaula.</subfield><subfield code="2">fast</subfield><subfield code="0">(OCoLC)fst01220305</subfield></datafield><datafield ind1=" " ind2=" " tag="752"><subfield code="a">United States</subfield><subfield code="b">Alabama</subfield><subfield code="c">Barbour</subfield><subfield code="d">Eufaula.</subfield></datafield><datafield ind1="0" ind2="0" tag="785"><subfield code="t">Spirit of the South (Eufaula, Ala.)</subfield><subfield code="w">(DLC)sn 84020692</subfield><subfield code="w">(OCoLC)23811794</subfield></datafield></record>